%YAML 1.1
%TAG !u! tag:unity3d.com,2011:
--- !u!1 &6730641147748791501
GameObject:
  m_ObjectHideFlags: 0
  m_CorrespondingSourceObject: {fileID: 0}
  m_PrefabInstance: {fileID: 0}
  m_PrefabAsset: {fileID: 0}
  serializedVersion: 6
  m_Component:
  - component: {fileID: 6730641147748791500}
  m_Layer: 0
  m_Name: Begin
  m_TagString: Untagged
  m_Icon: {fileID: 0}
  m_NavMeshLayer: 0
  m_StaticEditorFlags: 0
  m_IsActive: 1
--- !u!4 &6730641147748791500
Transform:
  m_ObjectHideFlags: 0
  m_CorrespondingSourceObject: {fileID: 0}
  m_PrefabInstance: {fileID: 0}
  m_PrefabAsset: {fileID: 0}
  m_GameObject: {fileID: 6730641147748791501}
  m_LocalRotation: {x: -0, y: -0, z: -0, w: 1}
  m_LocalPosition: {x: 0, y: -6.3, z: 0}
  m_LocalScale: {x: 1, y: 1, z: 1}
  m_Children: []
  m_Father: {fileID: 6730641147885104293}
  m_RootOrder: 0
  m_LocalEulerAnglesHint: {x: 0, y: 0, z: 0}
--- !u!1 &6730641147885104295
GameObject:
  m_ObjectHideFlags: 0
  m_CorrespondingSourceObject: {fileID: 0}
  m_PrefabInstance: {fileID: 0}
  m_PrefabAsset: {fileID: 0}
  serializedVersion: 6
  m_Component:
  - component: {fileID: 6730641147885104293}
  - component: {fileID: 6730641147885104294}
  m_Layer: 0
  m_Name: preset_10
  m_TagString: Untagged
  m_Icon: {fileID: 0}
  m_NavMeshLayer: 0
  m_StaticEditorFlags: 0
  m_IsActive: 1
--- !u!4 &6730641147885104293
Transform:
  m_ObjectHideFlags: 0
  m_CorrespondingSourceObject: {fileID: 0}
  m_PrefabInstance: {fileID: 0}
  m_PrefabAsset: {fileID: 0}
  m_GameObject: {fileID: 6730641147885104295}
  m_LocalRotation: {x: 0, y: 0, z: 0, w: 1}
  m_LocalPosition: {x: 0, y: 12.5, z: 0}
  m_LocalScale: {x: 1, y: 1, z: 1}
  m_Children:
  - {fileID: 6730641147748791500}
  - {fileID: 1468294714069084180}
  - {fileID: 7657537828000771685}
  - {fileID: 6730641148331685510}
  m_Father: {fileID: 0}
  m_RootOrder: 0
  m_LocalEulerAnglesHint: {x: 0, y: 0, z: 0}
--- !u!114 &6730641147885104294
MonoBehaviour:
  m_ObjectHideFlags: 0
  m_CorrespondingSourceObject: {fileID: 0}
  m_PrefabInstance: {fileID: 0}
  m_PrefabAsset: {fileID: 0}
  m_GameObject: {fileID: 6730641147885104295}
  m_Enabled: 1
  m_EditorHideFlags: 0
  m_Script: {fileID: 11500000, guid: d275f0c4a2fae1e4596375cc5487f92d, type: 3}
  m_Name: 
  m_EditorClassIdentifier: 
  Begin: {fileID: 6730641147748791500}
  End: {fileID: 6730641148331685510}
--- !u!1 &6730641148331685511
GameObject:
  m_ObjectHideFlags: 0
  m_CorrespondingSourceObject: {fileID: 0}
  m_PrefabInstance: {fileID: 0}
  m_PrefabAsset: {fileID: 0}
  serializedVersion: 6
  m_Component:
  - component: {fileID: 6730641148331685510}
  m_Layer: 0
  m_Name: End
  m_TagString: Untagged
  m_Icon: {fileID: 0}
  m_NavMeshLayer: 0
  m_StaticEditorFlags: 0
  m_IsActive: 1
--- !u!4 &6730641148331685510
Transform:
  m_ObjectHideFlags: 0
  m_CorrespondingSourceObject: {fileID: 0}
  m_PrefabInstance: {fileID: 0}
  m_PrefabAsset: {fileID: 0}
  m_GameObject: {fileID: 6730641148331685511}
  m_LocalRotation: {x: -0, y: -0, z: -0, w: 1}
  m_LocalPosition: {x: 0, y: 6.3, z: 0}
  m_LocalScale: {x: 1, y: 1, z: 1}
  m_Children: []
  m_Father: {fileID: 6730641147885104293}
  m_RootOrder: 3
  m_LocalEulerAnglesHint: {x: 0, y: 0, z: 0}
--- !u!1001 &6730641148174993824
PrefabInstance:
  m_ObjectHideFlags: 0
  serializedVersion: 2
  m_Modification:
    m_TransformParent: {fileID: 6730641147885104293}
    m_Modifications:
    - target: {fileID: 3975834475392346053, guid: bed6979b53758494e9ef512d94afcc28,
        type: 3}
      propertyPath: m_LocalPosition.x
      value: -0.98387367
      objectReference: {fileID: 0}
    - target: {fileID: 3975834475392346053, guid: bed6979b53758494e9ef512d94afcc28,
        type: 3}
      propertyPath: m_LocalPosition.y
      value: -1.8690833
      objectReference: {fileID: 0}
    - target: {fileID: 3975834475392346053, guid: bed6979b53758494e9ef512d94afcc28,
        type: 3}
      propertyPath: m_LocalPosition.z
      value: 0
      objectReference: {fileID: 0}
    - target: {fileID: 3975834475392346053, guid: bed6979b53758494e9ef512d94afcc28,
        type: 3}
      propertyPath: m_LocalRotation.x
      value: -0
      objectReference: {fileID: 0}
    - target: {fileID: 3975834475392346053, guid: bed6979b53758494e9ef512d94afcc28,
        type: 3}
      propertyPath: m_LocalRotation.y
      value: -0
      objectReference: {fileID: 0}
    - target: {fileID: 3975834475392346053, guid: bed6979b53758494e9ef512d94afcc28,
        type: 3}
      propertyPath: m_LocalRotation.z
      value: -0
      objectReference: {fileID: 0}
    - target: {fileID: 3975834475392346053, guid: bed6979b53758494e9ef512d94afcc28,
        type: 3}
      propertyPath: m_LocalRotation.w
      value: 1
      objectReference: {fileID: 0}
    - target: {fileID: 3975834475392346053, guid: bed6979b53758494e9ef512d94afcc28,
        type: 3}
      propertyPath: m_RootOrder
      value: 2
      objectReference: {fileID: 0}
    - target: {fileID: 3975834475392346053, guid: bed6979b53758494e9ef512d94afcc28,
        type: 3}
      propertyPath: m_LocalEulerAnglesHint.x
      value: 0
      objectReference: {fileID: 0}
    - target: {fileID: 3975834475392346053, guid: bed6979b53758494e9ef512d94afcc28,
        type: 3}
      propertyPath: m_LocalEulerAnglesHint.y
      value: 0
      objectReference: {fileID: 0}
    - target: {fileID: 3975834475392346053, guid: bed6979b53758494e9ef512d94afcc28,
        type: 3}
      propertyPath: m_LocalEulerAnglesHint.z
      value: 0
      objectReference: {fileID: 0}
    - target: {fileID: 3975834475392346055, guid: bed6979b53758494e9ef512d94afcc28,
        type: 3}
      propertyPath: m_Name
      value: techCart
      objectReference: {fileID: 0}
    m_RemovedComponents: []
  m_SourcePrefab: {fileID: 100100000, guid: bed6979b53758494e9ef512d94afcc28, type: 3}
--- !u!4 &7657537828000771685 stripped
Transform:
  m_CorrespondingSourceObject: {fileID: 3975834475392346053, guid: bed6979b53758494e9ef512d94afcc28,
    type: 3}
  m_PrefabInstance: {fileID: 6730641148174993824}
  m_PrefabAsset: {fileID: 0}
--- !u!1001 &6730641148490945449
PrefabInstance:
  m_ObjectHideFlags: 0
  serializedVersion: 2
  m_Modification:
    m_TransformParent: {fileID: 6730641147885104293}
    m_Modifications:
    - target: {fileID: 5262566345924803515, guid: decd883132b1b9c448e92a62c9ded835,
        type: 3}
      propertyPath: m_Name
      value: holeOpen
      objectReference: {fileID: 0}
    - target: {fileID: 5262566345924803517, guid: decd883132b1b9c448e92a62c9ded835,
        type: 3}
      propertyPath: m_LocalPosition.x
      value: 1.5655532
      objectReference: {fileID: 0}
    - target: {fileID: 5262566345924803517, guid: decd883132b1b9c448e92a62c9ded835,
        type: 3}
      propertyPath: m_LocalPosition.y
      value: 4.579467
      objectReference: {fileID: 0}
    - target: {fileID: 5262566345924803517, guid: decd883132b1b9c448e92a62c9ded835,
        type: 3}
      propertyPath: m_LocalPosition.z
      value: 0
      objectReference: {fileID: 0}
    - target: {fileID: 5262566345924803517, guid: decd883132b1b9c448e92a62c9ded835,
        type: 3}
      propertyPath: m_LocalRotation.x
      value: -0
      objectReference: {fileID: 0}
    - target: {fileID: 5262566345924803517, guid: decd883132b1b9c448e92a62c9ded835,
        type: 3}
      propertyPath: m_LocalRotation.y
      value: -0
      objectReference: {fileID: 0}
    - target: {fileID: 5262566345924803517, guid: decd883132b1b9c448e92a62c9ded835,
        type: 3}
      propertyPath: m_LocalRotation.z
      value: -0
      objectReference: {fileID: 0}
    - target: {fileID: 5262566345924803517, guid: decd883132b1b9c448e92a62c9ded835,
        type: 3}
      propertyPath: m_LocalRotation.w
      value: 1
      objectReference: {fileID: 0}
    - target: {fileID: 5262566345924803517, guid: decd883132b1b9c448e92a62c9ded835,
        type: 3}
      propertyPath: m_RootOrder
      value: 1
      objectReference: {fileID: 0}
    - target: {fileID: 5262566345924803517, guid: decd883132b1b9c448e92a62c9ded835,
        type: 3}
      propertyPath: m_LocalEulerAnglesHint.x
      value: 0
      objectReference: {fileID: 0}
    - target: {fileID: 5262566345924803517, guid: decd883132b1b9c448e92a62c9ded835,
        type: 3}
      propertyPath: m_LocalEulerAnglesHint.y
      value: 0
      objectReference: {fileID: 0}
    - target: {fileID: 5262566345924803517, guid: decd883132b1b9c448e92a62c9ded835,
        type: 3}
      propertyPath: m_LocalEulerAnglesHint.z
      value: 0
      objectReference: {fileID: 0}
    m_RemovedComponents: []
  m_SourcePrefab: {fileID: 100100000, guid: decd883132b1b9c448e92a62c9ded835, type: 3}
--- !u!4 &1468294714069084180 stripped
Transform:
  m_CorrespondingSourceObject: {fileID: 5262566345924803517, guid: decd883132b1b9c448e92a62c9ded835,
    type: 3}
  m_PrefabInstance: {fileID: 6730641148490945449}
  m_PrefabAsset: {fileID: 0}
