%YAML 1.1
%TAG !u! tag:unity3d.com,2011:
--- !u!1 &704454865275995132
GameObject:
  m_ObjectHideFlags: 0
  m_CorrespondingSourceObject: {fileID: 0}
  m_PrefabInstance: {fileID: 0}
  m_PrefabAsset: {fileID: 0}
  serializedVersion: 6
  m_Component:
  - component: {fileID: 704454865275995131}
  m_Layer: 0
  m_Name: Begin
  m_TagString: Untagged
  m_Icon: {fileID: 0}
  m_NavMeshLayer: 0
  m_StaticEditorFlags: 0
  m_IsActive: 1
--- !u!4 &704454865275995131
Transform:
  m_ObjectHideFlags: 0
  m_CorrespondingSourceObject: {fileID: 0}
  m_PrefabInstance: {fileID: 0}
  m_PrefabAsset: {fileID: 0}
  m_GameObject: {fileID: 704454865275995132}
  m_LocalRotation: {x: -0, y: -0, z: -0, w: 1}
  m_LocalPosition: {x: 0, y: -6.3, z: 0}
  m_LocalScale: {x: 1, y: 1, z: 1}
  m_Children: []
  m_Father: {fileID: 704454866481428349}
  m_RootOrder: 0
  m_LocalEulerAnglesHint: {x: 0, y: 0, z: 0}
--- !u!1 &704454865537467015
GameObject:
  m_ObjectHideFlags: 0
  m_CorrespondingSourceObject: {fileID: 0}
  m_PrefabInstance: {fileID: 0}
  m_PrefabAsset: {fileID: 0}
  serializedVersion: 6
  m_Component:
  - component: {fileID: 704454865537467014}
  m_Layer: 0
  m_Name: End
  m_TagString: Untagged
  m_Icon: {fileID: 0}
  m_NavMeshLayer: 0
  m_StaticEditorFlags: 0
  m_IsActive: 1
--- !u!4 &704454865537467014
Transform:
  m_ObjectHideFlags: 0
  m_CorrespondingSourceObject: {fileID: 0}
  m_PrefabInstance: {fileID: 0}
  m_PrefabAsset: {fileID: 0}
  m_GameObject: {fileID: 704454865537467015}
  m_LocalRotation: {x: -0, y: -0, z: -0, w: 1}
  m_LocalPosition: {x: 0, y: 6.3, z: 0}
  m_LocalScale: {x: 1, y: 1, z: 1}
  m_Children: []
  m_Father: {fileID: 704454866481428349}
  m_RootOrder: 6
  m_LocalEulerAnglesHint: {x: 0, y: 0, z: 0}
--- !u!1 &704454866481428351
GameObject:
  m_ObjectHideFlags: 0
  m_CorrespondingSourceObject: {fileID: 0}
  m_PrefabInstance: {fileID: 0}
  m_PrefabAsset: {fileID: 0}
  serializedVersion: 6
  m_Component:
  - component: {fileID: 704454866481428349}
  - component: {fileID: 704454866481428350}
  m_Layer: 0
  m_Name: preset_16
  m_TagString: Untagged
  m_Icon: {fileID: 0}
  m_NavMeshLayer: 0
  m_StaticEditorFlags: 0
  m_IsActive: 1
--- !u!4 &704454866481428349
Transform:
  m_ObjectHideFlags: 0
  m_CorrespondingSourceObject: {fileID: 0}
  m_PrefabInstance: {fileID: 0}
  m_PrefabAsset: {fileID: 0}
  m_GameObject: {fileID: 704454866481428351}
  m_LocalRotation: {x: 0, y: 0, z: 0, w: 1}
  m_LocalPosition: {x: 0, y: 12.5, z: 0}
  m_LocalScale: {x: 1, y: 1, z: 1}
  m_Children:
  - {fileID: 704454865275995131}
  - {fileID: 9103709201276846416}
  - {fileID: 9074586699862456437}
  - {fileID: 9074586700063218890}
  - {fileID: 9074586699235401975}
  - {fileID: 9074586699422337317}
  - {fileID: 704454865537467014}
  m_Father: {fileID: 0}
  m_RootOrder: 0
  m_LocalEulerAnglesHint: {x: 0, y: 0, z: 0}
--- !u!114 &704454866481428350
MonoBehaviour:
  m_ObjectHideFlags: 0
  m_CorrespondingSourceObject: {fileID: 0}
  m_PrefabInstance: {fileID: 0}
  m_PrefabAsset: {fileID: 0}
  m_GameObject: {fileID: 704454866481428351}
  m_Enabled: 1
  m_EditorHideFlags: 0
  m_Script: {fileID: 11500000, guid: d275f0c4a2fae1e4596375cc5487f92d, type: 3}
  m_Name: 
  m_EditorClassIdentifier: 
  Begin: {fileID: 704454865275995131}
  End: {fileID: 704454865537467014}
--- !u!1001 &704454865272448733
PrefabInstance:
  m_ObjectHideFlags: 0
  serializedVersion: 2
  m_Modification:
    m_TransformParent: {fileID: 704454866481428349}
    m_Modifications:
    - target: {fileID: 8370451669734701589, guid: bfeed9d4ea74ce442b115e4d9c3df7e1,
        type: 3}
      propertyPath: m_Name
      value: box (2)
      objectReference: {fileID: 0}
    - target: {fileID: 8370451669734701591, guid: bfeed9d4ea74ce442b115e4d9c3df7e1,
        type: 3}
      propertyPath: m_LocalPosition.x
      value: -1.8236849
      objectReference: {fileID: 0}
    - target: {fileID: 8370451669734701591, guid: bfeed9d4ea74ce442b115e4d9c3df7e1,
        type: 3}
      propertyPath: m_LocalPosition.y
      value: 1.9400604
      objectReference: {fileID: 0}
    - target: {fileID: 8370451669734701591, guid: bfeed9d4ea74ce442b115e4d9c3df7e1,
        type: 3}
      propertyPath: m_LocalPosition.z
      value: 0
      objectReference: {fileID: 0}
    - target: {fileID: 8370451669734701591, guid: bfeed9d4ea74ce442b115e4d9c3df7e1,
        type: 3}
      propertyPath: m_LocalRotation.x
      value: -0
      objectReference: {fileID: 0}
    - target: {fileID: 8370451669734701591, guid: bfeed9d4ea74ce442b115e4d9c3df7e1,
        type: 3}
      propertyPath: m_LocalRotation.y
      value: -0
      objectReference: {fileID: 0}
    - target: {fileID: 8370451669734701591, guid: bfeed9d4ea74ce442b115e4d9c3df7e1,
        type: 3}
      propertyPath: m_LocalRotation.z
      value: -0
      objectReference: {fileID: 0}
    - target: {fileID: 8370451669734701591, guid: bfeed9d4ea74ce442b115e4d9c3df7e1,
        type: 3}
      propertyPath: m_LocalRotation.w
      value: 1
      objectReference: {fileID: 0}
    - target: {fileID: 8370451669734701591, guid: bfeed9d4ea74ce442b115e4d9c3df7e1,
        type: 3}
      propertyPath: m_RootOrder
      value: 3
      objectReference: {fileID: 0}
    - target: {fileID: 8370451669734701591, guid: bfeed9d4ea74ce442b115e4d9c3df7e1,
        type: 3}
      propertyPath: m_LocalEulerAnglesHint.x
      value: 0
      objectReference: {fileID: 0}
    - target: {fileID: 8370451669734701591, guid: bfeed9d4ea74ce442b115e4d9c3df7e1,
        type: 3}
      propertyPath: m_LocalEulerAnglesHint.y
      value: 0
      objectReference: {fileID: 0}
    - target: {fileID: 8370451669734701591, guid: bfeed9d4ea74ce442b115e4d9c3df7e1,
        type: 3}
      propertyPath: m_LocalEulerAnglesHint.z
      value: 0
      objectReference: {fileID: 0}
    m_RemovedComponents: []
  m_SourcePrefab: {fileID: 100100000, guid: bfeed9d4ea74ce442b115e4d9c3df7e1, type: 3}
--- !u!4 &9074586700063218890 stripped
Transform:
  m_CorrespondingSourceObject: {fileID: 8370451669734701591, guid: bfeed9d4ea74ce442b115e4d9c3df7e1,
    type: 3}
  m_PrefabInstance: {fileID: 704454865272448733}
  m_PrefabAsset: {fileID: 0}
--- !u!1001 &704454865607557730
PrefabInstance:
  m_ObjectHideFlags: 0
  serializedVersion: 2
  m_Modification:
    m_TransformParent: {fileID: 704454866481428349}
    m_Modifications:
    - target: {fileID: 8370451669734701589, guid: bfeed9d4ea74ce442b115e4d9c3df7e1,
        type: 3}
      propertyPath: m_Name
      value: box (3)
      objectReference: {fileID: 0}
    - target: {fileID: 8370451669734701591, guid: bfeed9d4ea74ce442b115e4d9c3df7e1,
        type: 3}
      propertyPath: m_LocalPosition.x
      value: 0.97
      objectReference: {fileID: 0}
    - target: {fileID: 8370451669734701591, guid: bfeed9d4ea74ce442b115e4d9c3df7e1,
        type: 3}
      propertyPath: m_LocalPosition.y
      value: 0.110471964
      objectReference: {fileID: 0}
    - target: {fileID: 8370451669734701591, guid: bfeed9d4ea74ce442b115e4d9c3df7e1,
        type: 3}
      propertyPath: m_LocalPosition.z
      value: 0
      objectReference: {fileID: 0}
    - target: {fileID: 8370451669734701591, guid: bfeed9d4ea74ce442b115e4d9c3df7e1,
        type: 3}
      propertyPath: m_LocalRotation.x
      value: -0
      objectReference: {fileID: 0}
    - target: {fileID: 8370451669734701591, guid: bfeed9d4ea74ce442b115e4d9c3df7e1,
        type: 3}
      propertyPath: m_LocalRotation.y
      value: -0
      objectReference: {fileID: 0}
    - target: {fileID: 8370451669734701591, guid: bfeed9d4ea74ce442b115e4d9c3df7e1,
        type: 3}
      propertyPath: m_LocalRotation.z
      value: -0
      objectReference: {fileID: 0}
    - target: {fileID: 8370451669734701591, guid: bfeed9d4ea74ce442b115e4d9c3df7e1,
        type: 3}
      propertyPath: m_LocalRotation.w
      value: 1
      objectReference: {fileID: 0}
    - target: {fileID: 8370451669734701591, guid: bfeed9d4ea74ce442b115e4d9c3df7e1,
        type: 3}
      propertyPath: m_RootOrder
      value: 2
      objectReference: {fileID: 0}
    - target: {fileID: 8370451669734701591, guid: bfeed9d4ea74ce442b115e4d9c3df7e1,
        type: 3}
      propertyPath: m_LocalEulerAnglesHint.x
      value: 0
      objectReference: {fileID: 0}
    - target: {fileID: 8370451669734701591, guid: bfeed9d4ea74ce442b115e4d9c3df7e1,
        type: 3}
      propertyPath: m_LocalEulerAnglesHint.y
      value: 0
      objectReference: {fileID: 0}
    - target: {fileID: 8370451669734701591, guid: bfeed9d4ea74ce442b115e4d9c3df7e1,
        type: 3}
      propertyPath: m_LocalEulerAnglesHint.z
      value: 0
      objectReference: {fileID: 0}
    m_RemovedComponents: []
  m_SourcePrefab: {fileID: 100100000, guid: bfeed9d4ea74ce442b115e4d9c3df7e1, type: 3}
--- !u!4 &9074586699862456437 stripped
Transform:
  m_CorrespondingSourceObject: {fileID: 8370451669734701591, guid: bfeed9d4ea74ce442b115e4d9c3df7e1,
    type: 3}
  m_PrefabInstance: {fileID: 704454865607557730}
  m_PrefabAsset: {fileID: 0}
--- !u!1001 &704454865725669260
PrefabInstance:
  m_ObjectHideFlags: 0
  serializedVersion: 2
  m_Modification:
    m_TransformParent: {fileID: 704454866481428349}
    m_Modifications:
    - target: {fileID: 8615499058612567762, guid: 0116ad3ea85b14043b7c70d8609f499f,
        type: 3}
      propertyPath: m_Name
      value: holeClose
      objectReference: {fileID: 0}
    - target: {fileID: 8615499058612567772, guid: 0116ad3ea85b14043b7c70d8609f499f,
        type: 3}
      propertyPath: m_LocalPosition.x
      value: 1.3556
      objectReference: {fileID: 0}
    - target: {fileID: 8615499058612567772, guid: 0116ad3ea85b14043b7c70d8609f499f,
        type: 3}
      propertyPath: m_LocalPosition.y
      value: 4.78942
      objectReference: {fileID: 0}
    - target: {fileID: 8615499058612567772, guid: 0116ad3ea85b14043b7c70d8609f499f,
        type: 3}
      propertyPath: m_LocalPosition.z
      value: 0
      objectReference: {fileID: 0}
    - target: {fileID: 8615499058612567772, guid: 0116ad3ea85b14043b7c70d8609f499f,
        type: 3}
      propertyPath: m_LocalRotation.x
      value: -0
      objectReference: {fileID: 0}
    - target: {fileID: 8615499058612567772, guid: 0116ad3ea85b14043b7c70d8609f499f,
        type: 3}
      propertyPath: m_LocalRotation.y
      value: -0
      objectReference: {fileID: 0}
    - target: {fileID: 8615499058612567772, guid: 0116ad3ea85b14043b7c70d8609f499f,
        type: 3}
      propertyPath: m_LocalRotation.z
      value: -0
      objectReference: {fileID: 0}
    - target: {fileID: 8615499058612567772, guid: 0116ad3ea85b14043b7c70d8609f499f,
        type: 3}
      propertyPath: m_LocalRotation.w
      value: 1
      objectReference: {fileID: 0}
    - target: {fileID: 8615499058612567772, guid: 0116ad3ea85b14043b7c70d8609f499f,
        type: 3}
      propertyPath: m_RootOrder
      value: 1
      objectReference: {fileID: 0}
    - target: {fileID: 8615499058612567772, guid: 0116ad3ea85b14043b7c70d8609f499f,
        type: 3}
      propertyPath: m_LocalEulerAnglesHint.x
      value: 0
      objectReference: {fileID: 0}
    - target: {fileID: 8615499058612567772, guid: 0116ad3ea85b14043b7c70d8609f499f,
        type: 3}
      propertyPath: m_LocalEulerAnglesHint.y
      value: 0
      objectReference: {fileID: 0}
    - target: {fileID: 8615499058612567772, guid: 0116ad3ea85b14043b7c70d8609f499f,
        type: 3}
      propertyPath: m_LocalEulerAnglesHint.z
      value: 0
      objectReference: {fileID: 0}
    m_RemovedComponents: []
  m_SourcePrefab: {fileID: 100100000, guid: 0116ad3ea85b14043b7c70d8609f499f, type: 3}
--- !u!4 &9103709201276846416 stripped
Transform:
  m_CorrespondingSourceObject: {fileID: 8615499058612567772, guid: 0116ad3ea85b14043b7c70d8609f499f,
    type: 3}
  m_PrefabInstance: {fileID: 704454865725669260}
  m_PrefabAsset: {fileID: 0}
--- !u!1001 &704454866054257376
PrefabInstance:
  m_ObjectHideFlags: 0
  serializedVersion: 2
  m_Modification:
    m_TransformParent: {fileID: 704454866481428349}
    m_Modifications:
    - target: {fileID: 8370451669734701589, guid: bfeed9d4ea74ce442b115e4d9c3df7e1,
        type: 3}
      propertyPath: m_Name
      value: box (1)
      objectReference: {fileID: 0}
    - target: {fileID: 8370451669734701591, guid: bfeed9d4ea74ce442b115e4d9c3df7e1,
        type: 3}
      propertyPath: m_LocalPosition.x
      value: 0.43
      objectReference: {fileID: 0}
    - target: {fileID: 8370451669734701591, guid: bfeed9d4ea74ce442b115e4d9c3df7e1,
        type: 3}
      propertyPath: m_LocalPosition.y
      value: -1.2092314
      objectReference: {fileID: 0}
    - target: {fileID: 8370451669734701591, guid: bfeed9d4ea74ce442b115e4d9c3df7e1,
        type: 3}
      propertyPath: m_LocalPosition.z
      value: 0
      objectReference: {fileID: 0}
    - target: {fileID: 8370451669734701591, guid: bfeed9d4ea74ce442b115e4d9c3df7e1,
        type: 3}
      propertyPath: m_LocalRotation.x
      value: -0
      objectReference: {fileID: 0}
    - target: {fileID: 8370451669734701591, guid: bfeed9d4ea74ce442b115e4d9c3df7e1,
        type: 3}
      propertyPath: m_LocalRotation.y
      value: -0
      objectReference: {fileID: 0}
    - target: {fileID: 8370451669734701591, guid: bfeed9d4ea74ce442b115e4d9c3df7e1,
        type: 3}
      propertyPath: m_LocalRotation.z
      value: -0
      objectReference: {fileID: 0}
    - target: {fileID: 8370451669734701591, guid: bfeed9d4ea74ce442b115e4d9c3df7e1,
        type: 3}
      propertyPath: m_LocalRotation.w
      value: 1
      objectReference: {fileID: 0}
    - target: {fileID: 8370451669734701591, guid: bfeed9d4ea74ce442b115e4d9c3df7e1,
        type: 3}
      propertyPath: m_RootOrder
      value: 4
      objectReference: {fileID: 0}
    - target: {fileID: 8370451669734701591, guid: bfeed9d4ea74ce442b115e4d9c3df7e1,
        type: 3}
      propertyPath: m_LocalEulerAnglesHint.x
      value: 0
      objectReference: {fileID: 0}
    - target: {fileID: 8370451669734701591, guid: bfeed9d4ea74ce442b115e4d9c3df7e1,
        type: 3}
      propertyPath: m_LocalEulerAnglesHint.y
      value: 0
      objectReference: {fileID: 0}
    - target: {fileID: 8370451669734701591, guid: bfeed9d4ea74ce442b115e4d9c3df7e1,
        type: 3}
      propertyPath: m_LocalEulerAnglesHint.z
      value: 0
      objectReference: {fileID: 0}
    m_RemovedComponents: []
  m_SourcePrefab: {fileID: 100100000, guid: bfeed9d4ea74ce442b115e4d9c3df7e1, type: 3}
--- !u!4 &9074586699235401975 stripped
Transform:
  m_CorrespondingSourceObject: {fileID: 8370451669734701591, guid: bfeed9d4ea74ce442b115e4d9c3df7e1,
    type: 3}
  m_PrefabInstance: {fileID: 704454866054257376}
  m_PrefabAsset: {fileID: 0}
--- !u!1001 &704454866240615218
PrefabInstance:
  m_ObjectHideFlags: 0
  serializedVersion: 2
  m_Modification:
    m_TransformParent: {fileID: 704454866481428349}
    m_Modifications:
    - target: {fileID: 8370451669734701589, guid: bfeed9d4ea74ce442b115e4d9c3df7e1,
        type: 3}
      propertyPath: m_Name
      value: box
      objectReference: {fileID: 0}
    - target: {fileID: 8370451669734701591, guid: bfeed9d4ea74ce442b115e4d9c3df7e1,
        type: 3}
      propertyPath: m_LocalPosition.x
      value: 1.5055666
      objectReference: {fileID: 0}
    - target: {fileID: 8370451669734701591, guid: bfeed9d4ea74ce442b115e4d9c3df7e1,
        type: 3}
      propertyPath: m_LocalPosition.y
      value: -3.968611
      objectReference: {fileID: 0}
    - target: {fileID: 8370451669734701591, guid: bfeed9d4ea74ce442b115e4d9c3df7e1,
        type: 3}
      propertyPath: m_LocalPosition.z
      value: 0
      objectReference: {fileID: 0}
    - target: {fileID: 8370451669734701591, guid: bfeed9d4ea74ce442b115e4d9c3df7e1,
        type: 3}
      propertyPath: m_LocalRotation.x
      value: -0
      objectReference: {fileID: 0}
    - target: {fileID: 8370451669734701591, guid: bfeed9d4ea74ce442b115e4d9c3df7e1,
        type: 3}
      propertyPath: m_LocalRotation.y
      value: -0
      objectReference: {fileID: 0}
    - target: {fileID: 8370451669734701591, guid: bfeed9d4ea74ce442b115e4d9c3df7e1,
        type: 3}
      propertyPath: m_LocalRotation.z
      value: -0
      objectReference: {fileID: 0}
    - target: {fileID: 8370451669734701591, guid: bfeed9d4ea74ce442b115e4d9c3df7e1,
        type: 3}
      propertyPath: m_LocalRotation.w
      value: 1
      objectReference: {fileID: 0}
    - target: {fileID: 8370451669734701591, guid: bfeed9d4ea74ce442b115e4d9c3df7e1,
        type: 3}
      propertyPath: m_RootOrder
      value: 5
      objectReference: {fileID: 0}
    - target: {fileID: 8370451669734701591, guid: bfeed9d4ea74ce442b115e4d9c3df7e1,
        type: 3}
      propertyPath: m_LocalEulerAnglesHint.x
      value: 0
      objectReference: {fileID: 0}
    - target: {fileID: 8370451669734701591, guid: bfeed9d4ea74ce442b115e4d9c3df7e1,
        type: 3}
      propertyPath: m_LocalEulerAnglesHint.y
      value: 0
      objectReference: {fileID: 0}
    - target: {fileID: 8370451669734701591, guid: bfeed9d4ea74ce442b115e4d9c3df7e1,
        type: 3}
      propertyPath: m_LocalEulerAnglesHint.z
      value: 0
      objectReference: {fileID: 0}
    m_RemovedComponents: []
  m_SourcePrefab: {fileID: 100100000, guid: bfeed9d4ea74ce442b115e4d9c3df7e1, type: 3}
--- !u!4 &9074586699422337317 stripped
Transform:
  m_CorrespondingSourceObject: {fileID: 8370451669734701591, guid: bfeed9d4ea74ce442b115e4d9c3df7e1,
    type: 3}
  m_PrefabInstance: {fileID: 704454866240615218}
  m_PrefabAsset: {fileID: 0}
