%YAML 1.1
%TAG !u! tag:unity3d.com,2011:
--- !u!1 &2924693121664571074
GameObject:
  m_ObjectHideFlags: 0
  m_CorrespondingSourceObject: {fileID: 0}
  m_PrefabInstance: {fileID: 0}
  m_PrefabAsset: {fileID: 0}
  serializedVersion: 6
  m_Component:
  - component: {fileID: 2924693121664571072}
  - component: {fileID: 2924693121664571075}
  m_Layer: 0
  m_Name: preset_6
  m_TagString: Untagged
  m_Icon: {fileID: 0}
  m_NavMeshLayer: 0
  m_StaticEditorFlags: 0
  m_IsActive: 1
--- !u!4 &2924693121664571072
Transform:
  m_ObjectHideFlags: 0
  m_CorrespondingSourceObject: {fileID: 0}
  m_PrefabInstance: {fileID: 0}
  m_PrefabAsset: {fileID: 0}
  m_GameObject: {fileID: 2924693121664571074}
  m_LocalRotation: {x: 0, y: 0, z: 0, w: 1}
  m_LocalPosition: {x: 0, y: 12.5, z: 0}
  m_LocalScale: {x: 1, y: 1, z: 1}
  m_Children:
  - {fileID: 2924693122916131851}
  - {fileID: 6683141288703592427}
  - {fileID: 7034337653878943415}
  - {fileID: 7087288481010678660}
  - {fileID: 2924693122598320758}
  m_Father: {fileID: 0}
  m_RootOrder: 0
  m_LocalEulerAnglesHint: {x: 0, y: 0, z: 0}
--- !u!114 &2924693121664571075
MonoBehaviour:
  m_ObjectHideFlags: 0
  m_CorrespondingSourceObject: {fileID: 0}
  m_PrefabInstance: {fileID: 0}
  m_PrefabAsset: {fileID: 0}
  m_GameObject: {fileID: 2924693121664571074}
  m_Enabled: 1
  m_EditorHideFlags: 0
  m_Script: {fileID: 11500000, guid: d275f0c4a2fae1e4596375cc5487f92d, type: 3}
  m_Name: 
  m_EditorClassIdentifier: 
  Begin: {fileID: 2924693122916131851}
  End: {fileID: 2924693122598320758}
--- !u!1 &2924693122598320753
GameObject:
  m_ObjectHideFlags: 0
  m_CorrespondingSourceObject: {fileID: 0}
  m_PrefabInstance: {fileID: 0}
  m_PrefabAsset: {fileID: 0}
  serializedVersion: 6
  m_Component:
  - component: {fileID: 2924693122598320758}
  m_Layer: 0
  m_Name: End
  m_TagString: Untagged
  m_Icon: {fileID: 0}
  m_NavMeshLayer: 0
  m_StaticEditorFlags: 0
  m_IsActive: 1
--- !u!4 &2924693122598320758
Transform:
  m_ObjectHideFlags: 0
  m_CorrespondingSourceObject: {fileID: 0}
  m_PrefabInstance: {fileID: 0}
  m_PrefabAsset: {fileID: 0}
  m_GameObject: {fileID: 2924693122598320753}
  m_LocalRotation: {x: -0, y: -0, z: -0, w: 1}
  m_LocalPosition: {x: 0, y: 6.3, z: 0}
  m_LocalScale: {x: 1, y: 1, z: 1}
  m_Children: []
  m_Father: {fileID: 2924693121664571072}
  m_RootOrder: 4
  m_LocalEulerAnglesHint: {x: 0, y: 0, z: 0}
--- !u!1 &2924693122916131850
GameObject:
  m_ObjectHideFlags: 0
  m_CorrespondingSourceObject: {fileID: 0}
  m_PrefabInstance: {fileID: 0}
  m_PrefabAsset: {fileID: 0}
  serializedVersion: 6
  m_Component:
  - component: {fileID: 2924693122916131851}
  m_Layer: 0
  m_Name: Begin
  m_TagString: Untagged
  m_Icon: {fileID: 0}
  m_NavMeshLayer: 0
  m_StaticEditorFlags: 0
  m_IsActive: 1
--- !u!4 &2924693122916131851
Transform:
  m_ObjectHideFlags: 0
  m_CorrespondingSourceObject: {fileID: 0}
  m_PrefabInstance: {fileID: 0}
  m_PrefabAsset: {fileID: 0}
  m_GameObject: {fileID: 2924693122916131850}
  m_LocalRotation: {x: -0, y: -0, z: -0, w: 1}
  m_LocalPosition: {x: 0, y: -6.3, z: 0}
  m_LocalScale: {x: 1, y: 1, z: 1}
  m_Children: []
  m_Father: {fileID: 2924693121664571072}
  m_RootOrder: 0
  m_LocalEulerAnglesHint: {x: 0, y: 0, z: 0}
--- !u!1001 &2924693121917795836
PrefabInstance:
  m_ObjectHideFlags: 0
  serializedVersion: 2
  m_Modification:
    m_TransformParent: {fileID: 2924693121664571072}
    m_Modifications:
    - target: {fileID: 8370451669734701589, guid: bfeed9d4ea74ce442b115e4d9c3df7e1,
        type: 3}
      propertyPath: m_Name
      value: box
      objectReference: {fileID: 0}
    - target: {fileID: 8370451669734701591, guid: bfeed9d4ea74ce442b115e4d9c3df7e1,
        type: 3}
      propertyPath: m_LocalPosition.x
      value: -0.08407612
      objectReference: {fileID: 0}
    - target: {fileID: 8370451669734701591, guid: bfeed9d4ea74ce442b115e4d9c3df7e1,
        type: 3}
      propertyPath: m_LocalPosition.y
      value: 3.799643
      objectReference: {fileID: 0}
    - target: {fileID: 8370451669734701591, guid: bfeed9d4ea74ce442b115e4d9c3df7e1,
        type: 3}
      propertyPath: m_LocalPosition.z
      value: 0
      objectReference: {fileID: 0}
    - target: {fileID: 8370451669734701591, guid: bfeed9d4ea74ce442b115e4d9c3df7e1,
        type: 3}
      propertyPath: m_LocalRotation.x
      value: -0
      objectReference: {fileID: 0}
    - target: {fileID: 8370451669734701591, guid: bfeed9d4ea74ce442b115e4d9c3df7e1,
        type: 3}
      propertyPath: m_LocalRotation.y
      value: -0
      objectReference: {fileID: 0}
    - target: {fileID: 8370451669734701591, guid: bfeed9d4ea74ce442b115e4d9c3df7e1,
        type: 3}
      propertyPath: m_LocalRotation.z
      value: -0
      objectReference: {fileID: 0}
    - target: {fileID: 8370451669734701591, guid: bfeed9d4ea74ce442b115e4d9c3df7e1,
        type: 3}
      propertyPath: m_LocalRotation.w
      value: 1
      objectReference: {fileID: 0}
    - target: {fileID: 8370451669734701591, guid: bfeed9d4ea74ce442b115e4d9c3df7e1,
        type: 3}
      propertyPath: m_RootOrder
      value: 1
      objectReference: {fileID: 0}
    - target: {fileID: 8370451669734701591, guid: bfeed9d4ea74ce442b115e4d9c3df7e1,
        type: 3}
      propertyPath: m_LocalEulerAnglesHint.x
      value: 0
      objectReference: {fileID: 0}
    - target: {fileID: 8370451669734701591, guid: bfeed9d4ea74ce442b115e4d9c3df7e1,
        type: 3}
      propertyPath: m_LocalEulerAnglesHint.y
      value: 0
      objectReference: {fileID: 0}
    - target: {fileID: 8370451669734701591, guid: bfeed9d4ea74ce442b115e4d9c3df7e1,
        type: 3}
      propertyPath: m_LocalEulerAnglesHint.z
      value: 0
      objectReference: {fileID: 0}
    m_RemovedComponents: []
  m_SourcePrefab: {fileID: 100100000, guid: bfeed9d4ea74ce442b115e4d9c3df7e1, type: 3}
--- !u!4 &6683141288703592427 stripped
Transform:
  m_CorrespondingSourceObject: {fileID: 8370451669734701591, guid: bfeed9d4ea74ce442b115e4d9c3df7e1,
    type: 3}
  m_PrefabInstance: {fileID: 2924693121917795836}
  m_PrefabAsset: {fileID: 0}
--- !u!1001 &2924693122545751306
PrefabInstance:
  m_ObjectHideFlags: 0
  serializedVersion: 2
  m_Modification:
    m_TransformParent: {fileID: 2924693121664571072}
    m_Modifications:
    - target: {fileID: 5262566345924803515, guid: decd883132b1b9c448e92a62c9ded835,
        type: 3}
      propertyPath: m_Name
      value: holeOpen
      objectReference: {fileID: 0}
    - target: {fileID: 5262566345924803517, guid: decd883132b1b9c448e92a62c9ded835,
        type: 3}
      propertyPath: m_LocalPosition.x
      value: 1.6855265
      objectReference: {fileID: 0}
    - target: {fileID: 5262566345924803517, guid: decd883132b1b9c448e92a62c9ded835,
        type: 3}
      propertyPath: m_LocalPosition.y
      value: 0.6503509
      objectReference: {fileID: 0}
    - target: {fileID: 5262566345924803517, guid: decd883132b1b9c448e92a62c9ded835,
        type: 3}
      propertyPath: m_LocalPosition.z
      value: 0
      objectReference: {fileID: 0}
    - target: {fileID: 5262566345924803517, guid: decd883132b1b9c448e92a62c9ded835,
        type: 3}
      propertyPath: m_LocalRotation.x
      value: -0
      objectReference: {fileID: 0}
    - target: {fileID: 5262566345924803517, guid: decd883132b1b9c448e92a62c9ded835,
        type: 3}
      propertyPath: m_LocalRotation.y
      value: -0
      objectReference: {fileID: 0}
    - target: {fileID: 5262566345924803517, guid: decd883132b1b9c448e92a62c9ded835,
        type: 3}
      propertyPath: m_LocalRotation.z
      value: -0
      objectReference: {fileID: 0}
    - target: {fileID: 5262566345924803517, guid: decd883132b1b9c448e92a62c9ded835,
        type: 3}
      propertyPath: m_LocalRotation.w
      value: 1
      objectReference: {fileID: 0}
    - target: {fileID: 5262566345924803517, guid: decd883132b1b9c448e92a62c9ded835,
        type: 3}
      propertyPath: m_RootOrder
      value: 2
      objectReference: {fileID: 0}
    - target: {fileID: 5262566345924803517, guid: decd883132b1b9c448e92a62c9ded835,
        type: 3}
      propertyPath: m_LocalEulerAnglesHint.x
      value: 0
      objectReference: {fileID: 0}
    - target: {fileID: 5262566345924803517, guid: decd883132b1b9c448e92a62c9ded835,
        type: 3}
      propertyPath: m_LocalEulerAnglesHint.y
      value: 0
      objectReference: {fileID: 0}
    - target: {fileID: 5262566345924803517, guid: decd883132b1b9c448e92a62c9ded835,
        type: 3}
      propertyPath: m_LocalEulerAnglesHint.z
      value: 0
      objectReference: {fileID: 0}
    m_RemovedComponents: []
  m_SourcePrefab: {fileID: 100100000, guid: decd883132b1b9c448e92a62c9ded835, type: 3}
--- !u!4 &7034337653878943415 stripped
Transform:
  m_CorrespondingSourceObject: {fileID: 5262566345924803517, guid: decd883132b1b9c448e92a62c9ded835,
    type: 3}
  m_PrefabInstance: {fileID: 2924693122545751306}
  m_PrefabAsset: {fileID: 0}
--- !u!1001 &2924693122797794404
PrefabInstance:
  m_ObjectHideFlags: 0
  serializedVersion: 2
  m_Modification:
    m_TransformParent: {fileID: 2924693121664571072}
    m_Modifications:
    - target: {fileID: 5390109140535742238, guid: 9c85ffa554c5f254a8b286a15e2f5cb3,
        type: 3}
      propertyPath: m_Name
      value: tree
      objectReference: {fileID: 0}
    - target: {fileID: 5390109140535742432, guid: 9c85ffa554c5f254a8b286a15e2f5cb3,
        type: 3}
      propertyPath: m_LocalPosition.x
      value: -1.6137321
      objectReference: {fileID: 0}
    - target: {fileID: 5390109140535742432, guid: 9c85ffa554c5f254a8b286a15e2f5cb3,
        type: 3}
      propertyPath: m_LocalPosition.y
      value: -3.7586584
      objectReference: {fileID: 0}
    - target: {fileID: 5390109140535742432, guid: 9c85ffa554c5f254a8b286a15e2f5cb3,
        type: 3}
      propertyPath: m_LocalPosition.z
      value: 0
      objectReference: {fileID: 0}
    - target: {fileID: 5390109140535742432, guid: 9c85ffa554c5f254a8b286a15e2f5cb3,
        type: 3}
      propertyPath: m_LocalRotation.x
      value: -0
      objectReference: {fileID: 0}
    - target: {fileID: 5390109140535742432, guid: 9c85ffa554c5f254a8b286a15e2f5cb3,
        type: 3}
      propertyPath: m_LocalRotation.y
      value: -0
      objectReference: {fileID: 0}
    - target: {fileID: 5390109140535742432, guid: 9c85ffa554c5f254a8b286a15e2f5cb3,
        type: 3}
      propertyPath: m_LocalRotation.z
      value: -0
      objectReference: {fileID: 0}
    - target: {fileID: 5390109140535742432, guid: 9c85ffa554c5f254a8b286a15e2f5cb3,
        type: 3}
      propertyPath: m_LocalRotation.w
      value: 1
      objectReference: {fileID: 0}
    - target: {fileID: 5390109140535742432, guid: 9c85ffa554c5f254a8b286a15e2f5cb3,
        type: 3}
      propertyPath: m_RootOrder
      value: 3
      objectReference: {fileID: 0}
    - target: {fileID: 5390109140535742432, guid: 9c85ffa554c5f254a8b286a15e2f5cb3,
        type: 3}
      propertyPath: m_LocalEulerAnglesHint.x
      value: 0
      objectReference: {fileID: 0}
    - target: {fileID: 5390109140535742432, guid: 9c85ffa554c5f254a8b286a15e2f5cb3,
        type: 3}
      propertyPath: m_LocalEulerAnglesHint.y
      value: 0
      objectReference: {fileID: 0}
    - target: {fileID: 5390109140535742432, guid: 9c85ffa554c5f254a8b286a15e2f5cb3,
        type: 3}
      propertyPath: m_LocalEulerAnglesHint.z
      value: 0
      objectReference: {fileID: 0}
    m_RemovedComponents: []
  m_SourcePrefab: {fileID: 100100000, guid: 9c85ffa554c5f254a8b286a15e2f5cb3, type: 3}
--- !u!4 &7087288481010678660 stripped
Transform:
  m_CorrespondingSourceObject: {fileID: 5390109140535742432, guid: 9c85ffa554c5f254a8b286a15e2f5cb3,
    type: 3}
  m_PrefabInstance: {fileID: 2924693122797794404}
  m_PrefabAsset: {fileID: 0}
