%YAML 1.1
%TAG !u! tag:unity3d.com,2011:
--- !u!1 &6396992312364365713
GameObject:
  m_ObjectHideFlags: 0
  m_CorrespondingSourceObject: {fileID: 0}
  m_PrefabInstance: {fileID: 0}
  m_PrefabAsset: {fileID: 0}
  serializedVersion: 6
  m_Component:
  - component: {fileID: 6396992312364365715}
  - component: {fileID: 6396992312364365714}
  m_Layer: 0
  m_Name: preset_12
  m_TagString: Untagged
  m_Icon: {fileID: 0}
  m_NavMeshLayer: 0
  m_StaticEditorFlags: 0
  m_IsActive: 1
--- !u!4 &6396992312364365715
Transform:
  m_ObjectHideFlags: 0
  m_CorrespondingSourceObject: {fileID: 0}
  m_PrefabInstance: {fileID: 0}
  m_PrefabAsset: {fileID: 0}
  m_GameObject: {fileID: 6396992312364365713}
  m_LocalRotation: {x: 0, y: 0, z: 0, w: 1}
  m_LocalPosition: {x: 0, y: 12.5, z: 0}
  m_LocalScale: {x: 1, y: 1, z: 1}
  m_Children:
  - {fileID: 6396992313959565603}
  - {fileID: 3237947309827755108}
  - {fileID: 3411133818949367402}
  - {fileID: 6364472463985878413}
  - {fileID: 1283185767815685538}
  - {fileID: 6396992313217260325}
  m_Father: {fileID: 0}
  m_RootOrder: 0
  m_LocalEulerAnglesHint: {x: 0, y: 0, z: 0}
--- !u!114 &6396992312364365714
MonoBehaviour:
  m_ObjectHideFlags: 0
  m_CorrespondingSourceObject: {fileID: 0}
  m_PrefabInstance: {fileID: 0}
  m_PrefabAsset: {fileID: 0}
  m_GameObject: {fileID: 6396992312364365713}
  m_Enabled: 1
  m_EditorHideFlags: 0
  m_Script: {fileID: 11500000, guid: d275f0c4a2fae1e4596375cc5487f92d, type: 3}
  m_Name: 
  m_EditorClassIdentifier: 
  Begin: {fileID: 6396992313959565603}
  End: {fileID: 6396992313217260325}
--- !u!1 &6396992313217260324
GameObject:
  m_ObjectHideFlags: 0
  m_CorrespondingSourceObject: {fileID: 0}
  m_PrefabInstance: {fileID: 0}
  m_PrefabAsset: {fileID: 0}
  serializedVersion: 6
  m_Component:
  - component: {fileID: 6396992313217260325}
  m_Layer: 0
  m_Name: End
  m_TagString: Untagged
  m_Icon: {fileID: 0}
  m_NavMeshLayer: 0
  m_StaticEditorFlags: 0
  m_IsActive: 1
--- !u!4 &6396992313217260325
Transform:
  m_ObjectHideFlags: 0
  m_CorrespondingSourceObject: {fileID: 0}
  m_PrefabInstance: {fileID: 0}
  m_PrefabAsset: {fileID: 0}
  m_GameObject: {fileID: 6396992313217260324}
  m_LocalRotation: {x: -0, y: -0, z: -0, w: 1}
  m_LocalPosition: {x: 0, y: 6.3, z: 0}
  m_LocalScale: {x: 1, y: 1, z: 1}
  m_Children: []
  m_Father: {fileID: 6396992312364365715}
  m_RootOrder: 5
  m_LocalEulerAnglesHint: {x: 0, y: 0, z: 0}
--- !u!1 &6396992313959565602
GameObject:
  m_ObjectHideFlags: 0
  m_CorrespondingSourceObject: {fileID: 0}
  m_PrefabInstance: {fileID: 0}
  m_PrefabAsset: {fileID: 0}
  serializedVersion: 6
  m_Component:
  - component: {fileID: 6396992313959565603}
  m_Layer: 0
  m_Name: Begin
  m_TagString: Untagged
  m_Icon: {fileID: 0}
  m_NavMeshLayer: 0
  m_StaticEditorFlags: 0
  m_IsActive: 1
--- !u!4 &6396992313959565603
Transform:
  m_ObjectHideFlags: 0
  m_CorrespondingSourceObject: {fileID: 0}
  m_PrefabInstance: {fileID: 0}
  m_PrefabAsset: {fileID: 0}
  m_GameObject: {fileID: 6396992313959565602}
  m_LocalRotation: {x: -0, y: -0, z: -0, w: 1}
  m_LocalPosition: {x: 0, y: -6.3, z: 0}
  m_LocalScale: {x: 1, y: 1, z: 1}
  m_Children: []
  m_Father: {fileID: 6396992312364365715}
  m_RootOrder: 0
  m_LocalEulerAnglesHint: {x: 0, y: 0, z: 0}
--- !u!1001 &6396992312485611702
PrefabInstance:
  m_ObjectHideFlags: 0
  serializedVersion: 2
  m_Modification:
    m_TransformParent: {fileID: 6396992312364365715}
    m_Modifications:
    - target: {fileID: 8615499058612567762, guid: 0116ad3ea85b14043b7c70d8609f499f,
        type: 3}
      propertyPath: m_Name
      value: holeClose
      objectReference: {fileID: 0}
    - target: {fileID: 8615499058612567772, guid: 0116ad3ea85b14043b7c70d8609f499f,
        type: 3}
      propertyPath: m_LocalPosition.x
      value: 1.7455124
      objectReference: {fileID: 0}
    - target: {fileID: 8615499058612567772, guid: 0116ad3ea85b14043b7c70d8609f499f,
        type: 3}
      propertyPath: m_LocalPosition.y
      value: 0.5903636
      objectReference: {fileID: 0}
    - target: {fileID: 8615499058612567772, guid: 0116ad3ea85b14043b7c70d8609f499f,
        type: 3}
      propertyPath: m_LocalPosition.z
      value: 0
      objectReference: {fileID: 0}
    - target: {fileID: 8615499058612567772, guid: 0116ad3ea85b14043b7c70d8609f499f,
        type: 3}
      propertyPath: m_LocalRotation.x
      value: -0
      objectReference: {fileID: 0}
    - target: {fileID: 8615499058612567772, guid: 0116ad3ea85b14043b7c70d8609f499f,
        type: 3}
      propertyPath: m_LocalRotation.y
      value: -0
      objectReference: {fileID: 0}
    - target: {fileID: 8615499058612567772, guid: 0116ad3ea85b14043b7c70d8609f499f,
        type: 3}
      propertyPath: m_LocalRotation.z
      value: -0
      objectReference: {fileID: 0}
    - target: {fileID: 8615499058612567772, guid: 0116ad3ea85b14043b7c70d8609f499f,
        type: 3}
      propertyPath: m_LocalRotation.w
      value: 1
      objectReference: {fileID: 0}
    - target: {fileID: 8615499058612567772, guid: 0116ad3ea85b14043b7c70d8609f499f,
        type: 3}
      propertyPath: m_RootOrder
      value: 2
      objectReference: {fileID: 0}
    - target: {fileID: 8615499058612567772, guid: 0116ad3ea85b14043b7c70d8609f499f,
        type: 3}
      propertyPath: m_LocalEulerAnglesHint.x
      value: 0
      objectReference: {fileID: 0}
    - target: {fileID: 8615499058612567772, guid: 0116ad3ea85b14043b7c70d8609f499f,
        type: 3}
      propertyPath: m_LocalEulerAnglesHint.y
      value: 0
      objectReference: {fileID: 0}
    - target: {fileID: 8615499058612567772, guid: 0116ad3ea85b14043b7c70d8609f499f,
        type: 3}
      propertyPath: m_LocalEulerAnglesHint.z
      value: 0
      objectReference: {fileID: 0}
    m_RemovedComponents: []
  m_SourcePrefab: {fileID: 100100000, guid: 0116ad3ea85b14043b7c70d8609f499f, type: 3}
--- !u!4 &3411133818949367402 stripped
Transform:
  m_CorrespondingSourceObject: {fileID: 8615499058612567772, guid: 0116ad3ea85b14043b7c70d8609f499f,
    type: 3}
  m_PrefabInstance: {fileID: 6396992312485611702}
  m_PrefabAsset: {fileID: 0}
--- !u!1001 &6396992312890121759
PrefabInstance:
  m_ObjectHideFlags: 0
  serializedVersion: 2
  m_Modification:
    m_TransformParent: {fileID: 6396992312364365715}
    m_Modifications:
    - target: {fileID: 5262566345924803515, guid: decd883132b1b9c448e92a62c9ded835,
        type: 3}
      propertyPath: m_Name
      value: holeOpen
      objectReference: {fileID: 0}
    - target: {fileID: 5262566345924803517, guid: decd883132b1b9c448e92a62c9ded835,
        type: 3}
      propertyPath: m_LocalPosition.x
      value: -1.0438603
      objectReference: {fileID: 0}
    - target: {fileID: 5262566345924803517, guid: decd883132b1b9c448e92a62c9ded835,
        type: 3}
      propertyPath: m_LocalPosition.y
      value: -3.5187123
      objectReference: {fileID: 0}
    - target: {fileID: 5262566345924803517, guid: decd883132b1b9c448e92a62c9ded835,
        type: 3}
      propertyPath: m_LocalPosition.z
      value: 0
      objectReference: {fileID: 0}
    - target: {fileID: 5262566345924803517, guid: decd883132b1b9c448e92a62c9ded835,
        type: 3}
      propertyPath: m_LocalRotation.x
      value: -0
      objectReference: {fileID: 0}
    - target: {fileID: 5262566345924803517, guid: decd883132b1b9c448e92a62c9ded835,
        type: 3}
      propertyPath: m_LocalRotation.y
      value: -0
      objectReference: {fileID: 0}
    - target: {fileID: 5262566345924803517, guid: decd883132b1b9c448e92a62c9ded835,
        type: 3}
      propertyPath: m_LocalRotation.z
      value: -0
      objectReference: {fileID: 0}
    - target: {fileID: 5262566345924803517, guid: decd883132b1b9c448e92a62c9ded835,
        type: 3}
      propertyPath: m_LocalRotation.w
      value: 1
      objectReference: {fileID: 0}
    - target: {fileID: 5262566345924803517, guid: decd883132b1b9c448e92a62c9ded835,
        type: 3}
      propertyPath: m_RootOrder
      value: 4
      objectReference: {fileID: 0}
    - target: {fileID: 5262566345924803517, guid: decd883132b1b9c448e92a62c9ded835,
        type: 3}
      propertyPath: m_LocalEulerAnglesHint.x
      value: 0
      objectReference: {fileID: 0}
    - target: {fileID: 5262566345924803517, guid: decd883132b1b9c448e92a62c9ded835,
        type: 3}
      propertyPath: m_LocalEulerAnglesHint.y
      value: 0
      objectReference: {fileID: 0}
    - target: {fileID: 5262566345924803517, guid: decd883132b1b9c448e92a62c9ded835,
        type: 3}
      propertyPath: m_LocalEulerAnglesHint.z
      value: 0
      objectReference: {fileID: 0}
    m_RemovedComponents: []
  m_SourcePrefab: {fileID: 100100000, guid: decd883132b1b9c448e92a62c9ded835, type: 3}
--- !u!4 &1283185767815685538 stripped
Transform:
  m_CorrespondingSourceObject: {fileID: 5262566345924803517, guid: decd883132b1b9c448e92a62c9ded835,
    type: 3}
  m_PrefabInstance: {fileID: 6396992312890121759}
  m_PrefabAsset: {fileID: 0}
--- !u!1001 &6396992313073841779
PrefabInstance:
  m_ObjectHideFlags: 0
  serializedVersion: 2
  m_Modification:
    m_TransformParent: {fileID: 6396992312364365715}
    m_Modifications:
    - target: {fileID: 8370451669734701589, guid: bfeed9d4ea74ce442b115e4d9c3df7e1,
        type: 3}
      propertyPath: m_Name
      value: box
      objectReference: {fileID: 0}
    - target: {fileID: 8370451669734701591, guid: bfeed9d4ea74ce442b115e4d9c3df7e1,
        type: 3}
      propertyPath: m_LocalPosition.x
      value: -1.3137994
      objectReference: {fileID: 0}
    - target: {fileID: 8370451669734701591, guid: bfeed9d4ea74ce442b115e4d9c3df7e1,
        type: 3}
      propertyPath: m_LocalPosition.y
      value: 3.8896222
      objectReference: {fileID: 0}
    - target: {fileID: 8370451669734701591, guid: bfeed9d4ea74ce442b115e4d9c3df7e1,
        type: 3}
      propertyPath: m_LocalPosition.z
      value: 0
      objectReference: {fileID: 0}
    - target: {fileID: 8370451669734701591, guid: bfeed9d4ea74ce442b115e4d9c3df7e1,
        type: 3}
      propertyPath: m_LocalRotation.x
      value: -0
      objectReference: {fileID: 0}
    - target: {fileID: 8370451669734701591, guid: bfeed9d4ea74ce442b115e4d9c3df7e1,
        type: 3}
      propertyPath: m_LocalRotation.y
      value: -0
      objectReference: {fileID: 0}
    - target: {fileID: 8370451669734701591, guid: bfeed9d4ea74ce442b115e4d9c3df7e1,
        type: 3}
      propertyPath: m_LocalRotation.z
      value: -0
      objectReference: {fileID: 0}
    - target: {fileID: 8370451669734701591, guid: bfeed9d4ea74ce442b115e4d9c3df7e1,
        type: 3}
      propertyPath: m_LocalRotation.w
      value: 1
      objectReference: {fileID: 0}
    - target: {fileID: 8370451669734701591, guid: bfeed9d4ea74ce442b115e4d9c3df7e1,
        type: 3}
      propertyPath: m_RootOrder
      value: 1
      objectReference: {fileID: 0}
    - target: {fileID: 8370451669734701591, guid: bfeed9d4ea74ce442b115e4d9c3df7e1,
        type: 3}
      propertyPath: m_LocalEulerAnglesHint.x
      value: 0
      objectReference: {fileID: 0}
    - target: {fileID: 8370451669734701591, guid: bfeed9d4ea74ce442b115e4d9c3df7e1,
        type: 3}
      propertyPath: m_LocalEulerAnglesHint.y
      value: 0
      objectReference: {fileID: 0}
    - target: {fileID: 8370451669734701591, guid: bfeed9d4ea74ce442b115e4d9c3df7e1,
        type: 3}
      propertyPath: m_LocalEulerAnglesHint.z
      value: 0
      objectReference: {fileID: 0}
    m_RemovedComponents: []
  m_SourcePrefab: {fileID: 100100000, guid: bfeed9d4ea74ce442b115e4d9c3df7e1, type: 3}
--- !u!4 &3237947309827755108 stripped
Transform:
  m_CorrespondingSourceObject: {fileID: 8370451669734701591, guid: bfeed9d4ea74ce442b115e4d9c3df7e1,
    type: 3}
  m_PrefabInstance: {fileID: 6396992313073841779}
  m_PrefabAsset: {fileID: 0}
--- !u!1001 &6396992313949333209
PrefabInstance:
  m_ObjectHideFlags: 0
  serializedVersion: 2
  m_Modification:
    m_TransformParent: {fileID: 6396992312364365715}
    m_Modifications:
    - target: {fileID: 42093023101223764, guid: c0769069154aa4347ad96e59b2a72968,
        type: 3}
      propertyPath: m_LocalPosition.x
      value: 1.4755733
      objectReference: {fileID: 0}
    - target: {fileID: 42093023101223764, guid: c0769069154aa4347ad96e59b2a72968,
        type: 3}
      propertyPath: m_LocalPosition.y
      value: -0.30943367
      objectReference: {fileID: 0}
    - target: {fileID: 42093023101223764, guid: c0769069154aa4347ad96e59b2a72968,
        type: 3}
      propertyPath: m_LocalPosition.z
      value: 0
      objectReference: {fileID: 0}
    - target: {fileID: 42093023101223764, guid: c0769069154aa4347ad96e59b2a72968,
        type: 3}
      propertyPath: m_LocalRotation.x
      value: -0
      objectReference: {fileID: 0}
    - target: {fileID: 42093023101223764, guid: c0769069154aa4347ad96e59b2a72968,
        type: 3}
      propertyPath: m_LocalRotation.y
      value: -0
      objectReference: {fileID: 0}
    - target: {fileID: 42093023101223764, guid: c0769069154aa4347ad96e59b2a72968,
        type: 3}
      propertyPath: m_LocalRotation.z
      value: -0.19141723
      objectReference: {fileID: 0}
    - target: {fileID: 42093023101223764, guid: c0769069154aa4347ad96e59b2a72968,
        type: 3}
      propertyPath: m_LocalRotation.w
      value: 0.9815088
      objectReference: {fileID: 0}
    - target: {fileID: 42093023101223764, guid: c0769069154aa4347ad96e59b2a72968,
        type: 3}
      propertyPath: m_RootOrder
      value: 3
      objectReference: {fileID: 0}
    - target: {fileID: 42093023101223764, guid: c0769069154aa4347ad96e59b2a72968,
        type: 3}
      propertyPath: m_LocalEulerAnglesHint.x
      value: 0
      objectReference: {fileID: 0}
    - target: {fileID: 42093023101223764, guid: c0769069154aa4347ad96e59b2a72968,
        type: 3}
      propertyPath: m_LocalEulerAnglesHint.y
      value: 0
      objectReference: {fileID: 0}
    - target: {fileID: 42093023101223764, guid: c0769069154aa4347ad96e59b2a72968,
        type: 3}
      propertyPath: m_LocalEulerAnglesHint.z
      value: -22.071001
      objectReference: {fileID: 0}
    - target: {fileID: 42093023101223766, guid: c0769069154aa4347ad96e59b2a72968,
        type: 3}
      propertyPath: m_Name
      value: sign
      objectReference: {fileID: 0}
    m_RemovedComponents: []
  m_SourcePrefab: {fileID: 100100000, guid: c0769069154aa4347ad96e59b2a72968, type: 3}
--- !u!4 &6364472463985878413 stripped
Transform:
  m_CorrespondingSourceObject: {fileID: 42093023101223764, guid: c0769069154aa4347ad96e59b2a72968,
    type: 3}
  m_PrefabInstance: {fileID: 6396992313949333209}
  m_PrefabAsset: {fileID: 0}
